@article{MOSAR,
	author = {MOSAR},
	title = {About the project - Mosar},
	url = {https://www.h2020-mosar.eu/about/},
	year = {2020},
	note = {Accessed 12-12-2023}
}

@article{ MOSARDesign,
	author = {MOSAR},
	title = {Detailed Design Document},
	url = {https://www.h2020-mosar.eu/wp-content/uploads/2021/08/MOSAR-WP3-D3.6-SA_1.2.0-Detailed-Design-Document.pdf},
	year = {2020},
	note = {Accessed 13-12-2023}
}

@inproceedings{Esper2005ModularAR,
	title={Modular, Adaptive, Reconfigurable Systems: Technology for Sustainable, Reliable, Effective, and Affordable Space Exploration},
	author={Jaime Esper},
	year={2005},
 	url={https://api.semanticscholar.org/CorpusID:2408860}
}

@inproceedings{NasaMMS,
	author       = {Bartlett, R. O.},
	title        = {NASA standard Multimission Modular Spacecraft for future space exploration},
	booktitle = {Proceedings of the Goddard Memorial Symposium, Washington, DC, United State, March 8--10, 1978},
	series = {AAS PAPER 78-043},
	year         = {1978},
	address      = {Goddard Space Flight Center Greenbelt, Md., United States},
	organization = {NASA}
}

@article{10.1145/358234.358252,
	author = {Trevathan, Charles E. and Taylor, Thomas D. and Hartenstein, Raymond G. and Merwarth, Ann C. and Stewart, William N.},
	title = {Development and application of NASA's first standard spacecraft computer},
	year = {1984},
	publisher = {Association for Computing Machinery},
	address = {New York, NY, USA},
	volume = {27},
	number = {9},
	issn = {0001-0782},
	url = {https://doi.org/10.1145/358234.358252},
	doi = {10.1145/358234.358252},
	abstract = {To provide the autonomy needed by low, earth-orbiting satellites, NASA's first standard on-board processor requires changing only interfacing hardware from mission to mission.},
	journal = {Commun. ACM},
	month = {sep},
	pages = {902–913},
	numpages = {12},
	keywords = {avionics system, PASS}
}

@article{hupp2006nasa,
  title={NASA’s TOPEX/Poseidon Oceanography Mission Ends},
  author={Hupp, E and Moreaux, E},
  journal={Press Release},
  pages={06--001},
  year={2006}
}

@article{poseidonFacts,
	author={Jet Propulsion Laboratory},
	title={TOPEX/Poseidon Fact Sheet},
	url = {https://sealevel.jpl.nasa.gov/missions/topex-poseidon/summary/},
	note = {Accessed 03-02-2024}
}

@inproceedings{tietz2009multi,
  title={Multi-mission suitability of the nasa ames modular common bus},
  author={Tietz, Sascha and Bell, James H and Hine, Butler},
  booktitle={AIAA and Utah State University 23rd Annual Conference},
  number={ARC-E-DAA-TN654},
  year={2009}
}

@article{MCSBPost,
	author = {William Marshall / NASA},
	title = {Common Spacecraft Bus for Lunar Explorer Missions},
	url = {https://lunarscience.arc.nasa.gov/articles/common-spacecraft-bus-for-lunar-explorer-missions/},
	year = {2008},
	note = {Accessed 10-02-2024}
}

@article{MCSBaward,
	author = {Dwayne Brown, Rachel Hoover},
	title = {NASA Lunar Mission Wins 2014 Popular Mechanics Breakthrough Award},
	url = {https://www.nasa.gov/news-release/nasa-lunar-mission-wins-2014-popular-mechanics-breakthrough-award/},
	year = {2014},
	note = {Accessed 10-02-2024}
}

@INPROCEEDINGS{7118961,
  author={D'Ortenzio, Matthew V. and Bresina, John L. and Crocker, Alan R. and Elphic, Richard C. and Galal, Ken F. and Hunt, David R. and Owens, Brandon D. and Plice, Laura and Hawkins, Alisa M. and Policastri, Lisa A.},
  booktitle={2015 IEEE Aerospace Conference}, 
  title={Operating LADEE: Mission architecture, challenges, anomalies, and successes}, 
  year={2015},
  volume={},
  number={},
  pages={1-23},
  keywords={Moon;Orbits;Space vehicles;Instruments;Atmosphere;Laser theory;Trajectory},
  doi={10.1109/AERO.2015.7118961}}

@INPROCEEDINGS{5446989,
  author={Hine, Butler and Spremo, Stevan and Turner, Mark and Caffrey, Robert},
  booktitle={2010 IEEE Aerospace Conference}, 
  title={The Lunar Atmosphere and Dust Environment Explorer mission}, 
  year={2010},
  volume={},
  number={},
  pages={1-9},
  keywords={Moon;Atmosphere;Humans;Mass spectroscopy;Space technology;Councils;Process control;Solar system;Instruments;Laser theory},
  doi={10.1109/AERO.2010.5446989}}

@inproceedings{post2019knowledge,
  title={Knowledge-based self-reconfiguration and self-aware demonstration for modular satellite assembly},
  author={Post, Mark Andrew and Austin, James},
  booktitle={10th International Workshop on Satellite Constellations \& Formation Flying 2019},
  year={2019},
  organization={York}
}

@inproceedings{shaevich2003results,
  title={Results of Five-Years Exploitation of the First ISS Element-FGB" ZARYA" Module},
  author={Shaevich, Sergei K},
  booktitle={54th International Astronautical Congress of the International Astronautical Federation, the International Academy of Astronautics, and the International Institute of Space Law},
  pages={T--1},
  year={2003}
}

@inproceedings{ISSdecomission,
	author = {Erin Mahoney},
	organization = {NASA},
	title = {NASA Provides Updated International Space Station Transition Plan},
	url = {https://www.nasa.gov/humans-in-space/nasa-provides-updated-international-space-station-transition-plan/},
	year = {2022},
	note = {Accessed 12-12-2023}
}

@misc{issImage,
	author = {NASA},
	title = {The station pictured from the SpaceX Crew Dragon jsc2021e064215_alt},
	year = {2021},
	url = {https://images.nasa.gov/details-jsc2021e064215_alt}
}

@Inbook{Deshpande2020,
author="Deshpande, Ashwin
and Kaelbling, Leslie Pack
and Lozano-P{\'e}rez, Tom{\'a}s",
editor="Goldberg, Ken
and Abbeel, Pieter
and Bekris, Kostas
and Miller, Lauren",
title="Decidability of Semi-Holonomic Prehensile Task and Motion Planning",
bookTitle="Algorithmic Foundations of Robotics XII: Proceedings of the Twelfth Workshop on the Algorithmic Foundations of Robotics",
year="2020",
publisher="Springer International Publishing",
address="Cham",
pages="544--559",
abstract="In this paper, we define semi-holonomic controllability (SHC) and a general task and motion planning framework. We give a perturbation algorithm that can take a prehensile task and motion planning (PTAMP) domain and create a jointly-controllable-open (JC-open) variant with practically identical semantics. We then present a decomposition-based algorithm that computes the reachability set of a problem instance if a controllability criterion is met. Finally, by showing that JC-open domains satisfy the controllability criterion, we can conclude that PTAMP is decidable.",
isbn="978-3-030-43089-4",
doi="10.1007/978-3-030-43089-4_35",
url="https://doi.org/10.1007/978-3-030-43089-4_35"
}

@misc{huang2023algorithmic,
  title={Algorithmic Planning for Robotic Assembly of Building Structures},
  author={Huang, Yijiang},
  year={2023},
  publisher={Massachusetts Institute of Technology}
}

@book{ghallab2004automated,
  title={Automated Planning: theory and practice},
  author={Ghallab, Malik and Nau, Dana and Traverso, Paolo},
  year={2004},
  publisher={Elsevier}
}

@INPROCEEDINGS{1013348,
  author={Vassilvitskii, S. and Yim, M. and Suh, J.},
  booktitle={Proceedings 2002 IEEE International Conference on Robotics and Automation (Cat. No.02CH37292)}, 
  title={A complete, local and parallel reconfiguration algorithm for cube style modular robots}, 
  year={2002},
  volume={1},
  number={},
  pages={117-122 vol.1},
  keywords={Parallel robots;Automatic control;Shape control;Orbital robotics;Upper bound;Sorting;Hardware;Algorithm design and analysis;Distributed control},
  doi={10.1109/ROBOT.2002.1013348}}

@INPROCEEDINGS{8206101,
  author={Saldaña, David and Gabrich, Bruno and Whitzer, Michael and Prorok, Amanda and Campos, Mario F. M. and Yim, Mark and Kumar, Vijay},
  booktitle={2017 IEEE/RSJ International Conference on Intelligent Robots and Systems (IROS)}, 
  title={A decentralized algorithm for assembling structures with modular robots}, 
  year={2017},
  volume={},
  number={},
  pages={2736-2743},
  keywords={Collision avoidance;Robot kinematics;Robot sensing systems;Bridges;Buildings},
  doi={10.1109/IROS.2017.8206101}}

@ARTICLE{7091046,
  author={Paulos, James and Eckenstein, Nick and Tosun, Tarik and Seo, Jungwon and Davey, Jay and Greco, Jonathan and Kumar, Vijay and Yim, Mark},
  journal={IEEE Transactions on Automation Science and Engineering}, 
  title={Automated Self-Assembly of Large Maritime Structures by a Team of Robotic Boats}, 
  year={2015},
  volume={12},
  number={3},
  pages={958-968},
  keywords={Assembly;Boats;Robots;Planning;Trajectory;Winches;Computers;Autonomous surface craft;modular construction;modular robot;multirobot systems;self-assembly;self-reconfigurable},
  doi={10.1109/TASE.2015.2416678}}

@article{iBOSS,
	author = {iBOSS},
	title = {iBOSS Background},
	url = {https://www.iboss.space/background/},
	year = {2023},
	note = {Accessed 25-02-2024}
}

@inproceedings{iBossPaper,
author = {Kortmann, Martin and Schervan, Thomas and Schmidt, Hauke and Ruehl, Steffen and Weise, Jana and Kreisel, Joerg},
year = {2015},
month = {09},
pages = {},
title = {Building Block-based "iBOSS" Approach: Fully Modular Systems with Standard Interface to Enhance Future Satellites}
}

@ARTICLE{8581406,
  author={Zhang, Yizhai and Wang, Wenhui and Sun, Jinghan and Chang, Haitao and Huang, Panfeng},
  journal={IEEE Access}, 
  title={A Self-Reconfiguration Planning Strategy for Cellular Satellites}, 
  year={2019},
  volume={7},
  number={},
  pages={4516-4528},
  keywords={Satellites;Planning;Robot kinematics;Space vehicles;Task analysis;Robot sensing systems;Cellular satellite;self-reconfiguration;planning;assembling cell;robotic arm},
  doi={10.1109/ACCESS.2018.2888588}}

@INPROCEEDINGS{773975,
  author={Rus, D. and Vona, M.},
  booktitle={Proceedings 1999 IEEE International Conference on Robotics and Automation (Cat. No.99CH36288C)}, 
  title={Self-reconfiguration planning with compressible unit modules}, 
  year={1999},
  volume={4},
  number={},
  pages={2513-2520 vol.4},
  keywords={Crystallization;Shape;Robotics and automation;Robot sensing systems;Distributed computing;Communication system control;Mobile computing;Computer science;Educational institutions;Aggregates},
  doi={10.1109/ROBOT.1999.773975}}

@INPROCEEDINGS{9438257,
  author={Rodríguez, Ismael and Bauer, Adrian S. and Nottensteiner, Korbinian and Leidner, Daniel and Grunwald, Gerhard and Roa, Máximo A.},
  booktitle={2021 IEEE Aerospace Conference (50100)}, 
  title={Autonomous Robot Planning System for In-Space Assembly of Reconfigurable Structures}, 
  year={2021},
  volume={},
  number={},
  pages={1-17},
  keywords={Space vehicles;Robotic assembly;Manuals;Kinematics;Telescopes;Orbits;Planning},
  doi={10.1109/AERO50100.2021.9438257}}

@article{evaSpec,
	author = {Automata},
	title = {EVA Technical Specifications},
	url = {https://automata.tech/wp-content/uploads/2019/09/Spec-Sheet-September2019.pdf},
	year = {2019},
	note = {Accessed 20-12-2023}
}

@misc{EVASDK,
  author = {{L. Brunner \textit{et al}.}},
  title = {Eva Python SDK},
  year = {2019},
  publisher = {GitHub},
  journal = {GitHub repository},
  howpublished = {\url{https://github.com/automata-tech/eva_python_sdk}},
  commit = {9197dbfc5fbe22ba42bea44be0f7560426aeca72}
}
